%% This BibTeX bibliography file was created using BibDesk.
%% http://bibdesk.sourceforge.net/


%% Created for Jeffrey Trevino at 2016-11-25 18:12:13 -0600 


%% Saved with string encoding Unicode (UTF-8) 



@article{otte2009version,
	Author = {Otte, Stefan},
	Date-Added = {2016-11-25 21:22:33 +0000},
	Date-Modified = {2016-11-25 21:22:33 +0000},
	Journal = {Computer Systems and Telematics},
	Title = {Version Control Systems},
	Year = {2009}}

@article{spinellis2005version,
	Author = {Spinellis, Diomidis},
	Date-Added = {2016-11-25 21:21:13 +0000},
	Date-Modified = {2016-11-25 21:21:13 +0000},
	Journal = {IEEE Software},
	Number = {5},
	Pages = {108--109},
	Publisher = {IEEE},
	Title = {Version control systems},
	Volume = {22},
	Year = {2005}}

@inproceedings{panagakis2010music,
	Author = {Panagakis, Yannis and Kotropoulos, Constantine},
	Booktitle = {2010 IEEE International Conference on Acoustics, Speech and Signal Processing},
	Date-Added = {2016-11-25 21:06:42 +0000},
	Date-Modified = {2016-11-26 00:12:13 +0000},
	Organization = {IEEE},
	Pages = {249--252},
	Title = {{Music Genre Classification via Topology Preserving Non-negative Tensor Factorization and Sparse Representations}},
	Year = {2010}}

@article{berenzweig2004large,
	Author = {Berenzweig, Adam and Logan, Beth and Ellis, Daniel PW and Whitman, Brian},
	Date-Added = {2016-11-25 21:05:59 +0000},
	Date-Modified = {2016-11-26 00:09:43 +0000},
	Journal = {Computer Music Journal},
	Number = {2},
	Pages = {63--76},
	Publisher = {MIT Press},
	Title = {{A Large-scale Evaluation of Acoustic and Subjective Music-similarity Measures}},
	Volume = {28},
	Year = {2004}}

@article{bello2011measuring,
	Author = {Bello, Juan P},
	Date-Added = {2016-11-25 21:05:03 +0000},
	Date-Modified = {2016-11-26 00:09:25 +0000},
	Journal = {IEEE Transactions on Audio, Speech, and Language Processing},
	Number = {7},
	Pages = {2013--2025},
	Publisher = {IEEE},
	Title = {{Measuring Structural Similarity in Music}},
	Volume = {19},
	Year = {2011}}

@incollection{Balachandran:2012cr,
	Author = {Balachandran, Sudarshan and Wyse, Lonce},
	Booktitle = {Arts and Technology},
	Date-Added = {2016-11-25 20:48:33 +0000},
	Date-Modified = {2016-11-25 20:48:33 +0000},
	Doi = {10.1007/978-3-642-33329-3_7},
	Editor = {Brooks, Anthony L.},
	Isbn = {978-3-642-33328-6},
	Keywords = {visual communication; real-time scores; improvisation; computer supported collaborative workspaces},
	Pages = {54-62},
	Publisher = {Springer},
	Title = {{Computer-mediated Visual Communication in Live Musical Performance: What's the Score?}},
	Url = {http://dx.doi.org/10.1007/978-3-642-33329-3_7},
	Volume = {101},
	Year = {2012},
	Bdsk-Url-1 = {http://dx.doi.org/10.1007/978-3-642-33329-3_7}}

@article{Hepting2005,
	Author = {Hepting, D.H. and Gerhard, David},
	Date-Added = {2016-11-25 20:48:17 +0000},
	Date-Modified = {2016-11-26 00:10:15 +0000},
	File = {:Users/jeffreytrevino/Documents/UCSD/dissertation/dissSources/usingAlgorithmsForTheory/2005springerComputerRetrievalMusicModeling/heptingGerhardtMusAnimatCollabMap.pdf:pdf},
	Journal = {Computer Music Modeling and Retrieval},
	Pages = {158--172},
	Publisher = {Springer},
	Title = {{Collaborative Computer-aided Parameter Exploration for Music and Animation}},
	Url = {http://www.springerlink.com/index/XJXLV487NLUU9W9V.pdf},
	Year = {2005},
	Bdsk-Url-1 = {http://www.springerlink.com/index/XJXLV487NLUU9W9V.pdf}}

@inproceedings{wust2001architectural,
	Author = {W{\"u}st, Otto and Jord{\`a}, Sergi},
	Booktitle = {Proceedings of the 2001 International Computer Music Conference},
	Date-Added = {2016-11-25 20:02:49 +0000},
	Date-Modified = {2016-11-26 00:10:55 +0000},
	Organization = {Citeseer},
	Pages = {298--301},
	Title = {{Architectural Overview of a System for Collaborative Music Composition over the Web}},
	Year = {2001}}

@phdthesis{Weaver:2013sl,
	Author = {Weaver, Gabriel},
	Date-Added = {2016-11-04 19:42:56 +0000},
	Date-Modified = {2016-11-04 19:43:59 +0000},
	School = {Dartmouth College},
	Title = {{Security-Policy Analysis with eXtended Unix Tools}},
	Year = {2013}}

@inproceedings{Baca:2015xr,
	Author = {Ba\v{c}a, Trevor and Oberholtzer, Josiah and Trevi\~{n}o, Jeffrey and Ad\'{a}n, Victor},
	Booktitle = {{Proceedings of The First International Conference on Technologies for Music Notation and Representation}},
	Date-Added = {2016-11-04 19:34:26 +0000},
	Date-Modified = {2016-11-04 19:35:55 +0000},
	Title = {{Abjad: An Open-source Software System for Formalized Score Control}},
	Year = {2015}}

@url{Flat:aa,
	Author = {Flat},
	Date-Added = {2016-11-04 19:31:00 +0000},
	Date-Modified = {2016-11-04 19:31:38 +0000},
	Lastchecked = {November 4, 2016},
	Title = {flat.io},
	Url = {flat.io},
	Urldate = {unknown},
	Bdsk-Url-1 = {flat.io}}

@url{Avid:to,
	Author = {Avid},
	Date-Added = {2016-11-04 19:27:33 +0000},
	Date-Modified = {2016-11-04 19:28:37 +0000},
	Lastchecked = {November 4, 2016},
	Title = {{Sibelius: Features}},
	Url = {http://www.avid.com/sibelius/features},
	Urldate = {unknown},
	Bdsk-Url-1 = {http://www.avid.com/sibelius/features}}

@inproceedings{roland2002music,
	Author = {Roland, Perry},
	Booktitle = {{Proceedings of the First International Conference on Musical Applications Using XML}},
	Date-Added = {2016-11-04 07:02:16 +0000},
	Date-Modified = {2016-11-04 07:17:04 +0000},
	Pages = {55--59},
	Title = {{The Music Encoding Initiative (MEI)}},
	Year = {2002}}

@inproceedings{Bille:2005ec,
	Author = {Bille, P.},
	Booktitle = {Theoretical Computer Science},
	Date-Added = {2016-11-04 06:59:23 +0000},
	Date-Modified = {2016-11-04 07:00:27 +0000},
	Month = {June},
	Pages = {unknown},
	Title = {{A Survey on Tree Edit Distance and Related Problems}},
	Volume = {337},
	Year = {2005}}

@inproceedings{Cobena:2002gd,
	Author = {Cob\'{e}na, G. and others},
	Booktitle = {{Proceedings of the 18th International Conference on Data Engineering}},
	Date-Added = {2016-11-04 06:57:23 +0000},
	Date-Modified = {2016-11-04 07:13:12 +0000},
	Month = {February and March},
	Pages = {41--52},
	Publisher = {IEEE},
	Title = {{Detecting Changes in XML Documents}},
	Year = {2002}}

@inproceedings{Chawathe:1996jb,
	Author = {Chawathe, S. and others},
	Booktitle = {{Proceedings of the ACM SIGMOD International Conference on Management of Data} (SIGMOD '96)},
	Date-Added = {2016-11-04 06:54:15 +0000},
	Date-Modified = {2016-11-04 07:15:44 +0000},
	Month = {June},
	Pages = {493--504},
	Title = {{Change Detection in Hierarchically Structured Information}},
	Year = {1996}}

@url{Designs:qm,
	Author = {Designs, S.},
	Date-Added = {2016-11-04 06:49:18 +0000},
	Date-Modified = {2016-11-04 06:52:49 +0000},
	Title = {{Semantic Designs: Smart Differencer Tool}},
	Url = {http://www.semdesigns.com/Products/SmartDifferencer/},
	Urldate = {November 4, 2016},
	Bdsk-Url-1 = {http://www.semdesigns.com/Products/SmartDifferencer/}}

@phdthesis{Zhang:1989il,
	Author = {Zhang, K.},
	Date-Added = {2016-11-04 06:48:01 +0000},
	Date-Modified = {2016-11-04 06:48:39 +0000},
	School = {New York University (NYU)},
	Title = {{The Editing Distance between Trees: Algorithms and Applications}},
	Year = {1989}}

@article{Zhang:1989ec,
	Author = {Zhang, K. and Shasha, D.},
	Date-Added = {2016-11-04 06:46:33 +0000},
	Date-Modified = {2016-11-04 07:04:08 +0000},
	Journal = {Siam Journal of Computing},
	Month = {December},
	Pages = {1245--1262},
	Title = {{Simple Fast Algorithms for the Editing Distance between Trees and Related Problems}},
	Volume = {18},
	Year = {1989}}

@inproceedings{Martin:2015pb,
	Author = {Martin, Daniel and others},
	Booktitle = {{Proceedings of The First International Conference on Technologies for Music Notation and Representation}},
	Date-Added = {2016-11-04 06:37:49 +0000},
	Date-Modified = {2016-11-04 07:15:27 +0000},
	Title = {{LeadsheetJS: A Javascript Library for Online Lead Sheet Editing}},
	Year = {2015}}

@inproceedings{McCulloch:2015pd,
	Author = {McCulloch, Peter},
	Booktitle = {{Proceedings of The First International Conference on Technologies for Music Notation and Representation}},
	Date-Added = {2016-11-04 06:24:27 +0000},
	Date-Modified = {2016-11-04 07:15:06 +0000},
	Title = {{THEMA: A Music Notation Software Package with Integrated and Automatic Data Collection}},
	Year = {2015}}
